<?xml version="1.0" encoding="UTF-8"?><collection xmlns="http://www.loc.gov/MARC21/slim"><record><leader>00444nam--2200145-i-4500</leader><controlfield tag="001">000009057</controlfield><controlfield tag="002">20161230</controlfield><controlfield tag="005">20161230201028</controlfield><controlfield tag="008">060222s1000------------r-----000-0-eng-d</controlfield><datafield ind1=" " ind2=" " tag="080"><subfield code="a">621.035.53</subfield></datafield><datafield ind1=" " ind2=" " tag="100"><subfield code="a">Acres, O.E.And Guthrie, J.E</subfield></datafield><datafield ind1=" " ind2=" " tag="245"><subfield code="a">Organic reactor coolants: an apparatus produ cing dispersions in water for toxicity testing</subfield></datafield><datafield ind1=" " ind2=" " tag="260"><subfield code="a">Pinawa, Manitoba, Atomic Energy Of Canada Ltd. 1968 15 P</subfield></datafield><datafield ind1=" " ind2=" " tag="490"><subfield code="a">3115</subfield></datafield><datafield ind1=" " ind2=" " tag="852"><subfield code="a">31753</subfield></datafield></record></collection>